@Misc{MMOG,
	author = {Martin Adam},
	title =	{{Entity Systems are the future of MMOG development}},
	howpublished = {\url{http://t-machine.org/index.php/2007/09/03/entity-systems-are-the-future-of-mmog-development-part-1/}},
}
@Misc{entityWiki,
	title =	{{Entity Systems Wiki}},
	howpublished = {\url{http://entity-systems-wiki.t-machine.org}},
}
@book{gamePatterns,
	author = {Robert Nystrom},
	title = {Game Programming Patterns},
	year = {2014},
	isbn = {0990582906},
	publisher = {Genever Benning},
}
@Misc{bilas,
	author = {Scott Bilas},
	title = {A Data-Driven Game Object System},
	note = {{Game Developers Conference}},
	year = {2002},
	howpublished = {\url{http://scottbilas.com/files/2002/gdc_san_jose/game_objects_slides.pdf}},
}
@MASTERSTHESIS{IA1,
	author = {Llans{\'{o}}, David},
	month = jun,
	title = {Reflective Components for Designing Behaviour in Video Games},
	year = {2009},
	school = {Universidad Complutense de Madrid}
}