@Inbook{Masci2011,
author="Masci, Jonathan
and Meier, Ueli
and Cire{\c{s}}an, Dan
and Schmidhuber, J{\"u}rgen",
editor="Honkela, Timo
and Duch, W{\l}odzis{\l}aw
and Girolami, Mark
and Kaski, Samuel",
chapter="Stacked Convolutional Auto-Encoders for Hierarchical Feature Extraction",
title="Artificial Neural Networks and Machine Learning -- ICANN 2011: 21st International Conference on Artificial Neural Networks, Espoo, Finland, June 14-17, 2011, Proceedings, Part I",
year="2011",
publisher="Springer Berlin Heidelberg",
address="Berlin, Heidelberg",
pages="52--59",
isbn="978-3-642-21735-7",
doi="10.1007/978-3-642-21735-7_7",
url="http://dx.doi.org/10.1007/978-3-642-21735-7_7"
}

