@Inbook{Masci2011,
author="Masci, Jonathan
and Meier, Ueli
and Cire{\c{s}}an, Dan
and Schmidhuber, J{\"u}rgen",
editor="Honkela, Timo
and Duch, W{\l}odzis{\l}aw
and Girolami, Mark
and Kaski, Samuel",
chapter="Stacked Convolutional Auto-Encoders for Hierarchical Feature Extraction",
title="Artificial Neural Networks and Machine Learning -- ICANN 2011: 21st International Conference on Artificial Neural Networks, Espoo, Finland, June 14-17, 2011, Proceedings, Part I",
year="2011",
publisher="Springer Berlin Heidelberg",
address="Berlin, Heidelberg",
pages="52--59",
isbn="978-3-642-21735-7",
doi="10.1007/978-3-642-21735-7_7",
url="http://dx.doi.org/10.1007/978-3-642-21735-7_7"
}
@INPROCEEDINGS{7294921, 
	author={K. Cho and X. Chen}, 
	booktitle={Computer Vision Theory and Applications (VISAPP), 2014 International Conference on}, 
	title={Classifying and visualizing motion capture sequences using deep neural networks}, 
	year={2014}, 
	volume={2}, 
	pages={122-130}, 
	keywords={Accuracy;Feature extraction;Joints;Neural networks;Principal component analysis;Trajectory;Deep Neural Network;Gesture Recognition;Motion Capture}, 
	month={Jan},}
@misc{CAE,
	author = {mikesj-public},
	title = {convolutional\_autoencoder},
	howpublished = "\url{https://github.com/mikesj-public/convolutional\_autoencoder}",
	year = {2015},
	note = "[Online; accessed 19-Apr-2016]"
}
@misc{MNIST,
	author = {Yann LeCun and Corinna Cortes and Christopher J.C. Burges},
	title = {The MNIST Database},
	howpublished = "\url{http://yann.lecun.com/exdb/mnist/}",
	year = {2015},
	note = "[Online; accessed 19-Apr-2016]"
}
@article{DBLP,
	author    = {Brian Cheung and
	Jesse A. Livezey and
	Arjun K. Bansal and
	Bruno A. Olshausen},
	title     = {Discovering Hidden Factors of Variation in Deep Networks},
	journal   = {CoRR},
	volume    = {abs/1412.6583},
	year      = {2014},
	url       = {http://arxiv.org/abs/1412.6583},
	timestamp = {Thu, 01 Jan 2015 19:51:08 +0100},
	biburl    = {http://dblp.uni-trier.de/rec/bib/journals/corr/CheungLBO14},
	bibsource = {dblp computer science bibliography, http://dblp.org}
}
@inproceedings{denoising,
	author = {Vincent, Pascal and Larochelle, Hugo and Bengio, Yoshua and Manzagol, Pierre-Antoine},
	title = {Extracting and Composing Robust Features with Denoising Autoencoders},
	booktitle = {Proceedings of the 25th International Conference on Machine Learning},
	series = {ICML '08},
	year = {2008},
	isbn = {978-1-60558-205-4},
	location = {Helsinki, Finland},
	pages = {1096--1103},
	numpages = {8},
	url = {http://doi.acm.org/10.1145/1390156.1390294},
	doi = {10.1145/1390156.1390294},
	acmid = {1390294},
	publisher = {ACM},
	address = {New York, NY, USA},
}
@incollection{NIPS2012_4824,
	title = {ImageNet Classification with Deep Convolutional Neural Networks},
	author = {Alex Krizhevsky and Sutskever, Ilya and Geoffrey E. Hinton},
	booktitle = {Advances in Neural Information Processing Systems 25},
	editor = {F. Pereira and C. J. C. Burges and L. Bottou and K. Q. Weinberger},
	pages = {1097--1105},
	year = {2012},
	publisher = {Curran Associates, Inc.},
	url = {http://papers.nips.cc/paper/4824-imagenet-classification-with-deep-convolutional-neural-networks.pdf}
}